@misc{wiki-ts,
  author="Unknown",
  title="Time Series - Wikipedia",
  url="https://en.wikipedia.org/wiki/Time_series"
}

@inproceedings{km_1,
  author="David Arthur and Sergei Vassilvitskii",
  title="k-means++: The Advantages of Careful Seeding",
  booktitle="Proceedings of the eighteenth annual ACM-SIAM symposium on Discrete algorithms",
  organization="Society for Industrial and Applied Mathematics",
  year="2007",
  pages="1027-1035",
  address="Philadelphia, PA, USA"
  }
